<record><leader>00000cas a22000007a 4500</leader><controlfield tag="001">29530913</controlfield><controlfield tag="008">931220u1920uuuunyuwr n       0    0rus  </controlfield><controlfield tag="009">466</controlfield><datafield ind1=" " ind2=" " tag="010"><subfield code="a">sf 93095472 </subfield></datafield><datafield ind1=" " ind2=" " tag="040"><subfield code="a">DLC</subfield><subfield code="b">eng</subfield><subfield code="c">DLC</subfield></datafield><datafield ind1=" " ind2=" " tag="012"><subfield code="i">9312</subfield></datafield><datafield ind1="1" ind2=" " tag="029"><subfield code="a">AU@</subfield><subfield code="b">000025737336</subfield></datafield><datafield ind1=" " ind2=" " tag="042"><subfield code="a">msc</subfield></datafield><datafield ind1="0" ind2="0" tag="050"><subfield code="a">WMLC F 93/2472</subfield></datafield><datafield ind1="0" ind2="0" tag="245"><subfield code="a">Amerikanski&#772;i&#65056;a&#65057; izvi&#65056;e&#65057;sti&#772;i&#65056;a&#65057; =</subfield><subfield code="b">Americanskya izvestia : organ Rossi&#772;i&#774;skikh professi&#772;onal&#697;nykh soi&#65056;u&#65057;zov.</subfield></datafield><datafield ind1="1" ind2="1" tag="246"><subfield code="a">Americanskya izvestia</subfield></datafield><datafield ind1="1" ind2="7" tag="246"><subfield code="a">Amerikanskya izvestia</subfield></datafield><datafield ind1=" " ind2=" " tag="260"><subfield code="a">New York :</subfield><subfield code="b">Rossi&#772;i&#774;skii&#774; professi&#772;onal&#697;nyi&#774; soi&#65056;u&#65057;z,</subfield><subfield code="c">1920-</subfield></datafield><datafield ind1=" " ind2=" " tag="300"><subfield code="a">v.</subfield></datafield><datafield ind1=" " ind2=" " tag="310"><subfield code="a">Weekly</subfield></datafield><datafield ind1="0" ind2=" " tag="362"><subfield code="a">Vol. 1, no. 1 (June 18, 1920)-</subfield></datafield><datafield ind1=" " ind2=" " tag="500"><subfield code="a">Title from caption.</subfield></datafield><datafield ind1="2" ind2=" " tag="710"><subfield code="a">Rossi&#772;iskii&#774; professi&#772;onal&#697;nyi&#774; soi&#65056;u&#65057;z.</subfield></datafield><datafield ind1=" " ind2=" " tag="850"><subfield code="a">DLC</subfield></datafield></record>